@book{Hox2010,
  author = {Joop Hox}, 
  title = {Mutlilevel Analysis: Techniques and Applications (2nd Ed.)},
  year = {2010},
  address = {Hove},
  publisher = {Routledge},
}

@article{Andersen2021,
  title = {Equivalent Approches to Dealing with Unobserved Heterogeneity in Cross-Lagged Panel Models? A Comparison of the LCM-SR, ALT, RI-CLPM and DPM},
  author = {Henrik K. Andersen},
  year = {2021},
  journal = {Psychological Methods},
  pages = {1--39},
}

@article{Mulder2020,
  title = {Three Extensions of the Random Intercept Cross-Lagged Panel Model},
  author = {Jeroen D. Mulder and Ellen L. Hamaker},
  year = {2020},
  journal = {Structural Equation Modeling: A Multidisciplinary Journal},
  pages = {1--11},
}

@manual{Stata2019,
  title = {Stata Statistical Software: Release 16},
  author = {StataCorp},
  year = {2019},
  address = {College Station, TX}, 
  publisher = {StataCorp LLC},
}

@article{Voelkle2018,
  title = {The Role of Time in the Quest for Understanding Psychological Mechanisms},
  author = {Manuel C. Voelkle and Christian Gische and Charles C. Driver and Ulman Lindenberger},
  year = {2018},
  journal = {Multivariate Behavioral Research},
  volume = {53},
  number = {6},
  doi = {https://doi.org/10.1080/00273171.2018.1496813},
}

@article{Bradway1962,
  title = {Intelligence at adulthood: A twenty-five year follow-up},
  author = {K. P. Bradway and C. W. Thomas},
  year = {1962},
  journal = {Journal of Educational Psychology},
  volume = {53},
  pages = {1--14},
  doi = {10.1037/h0045764},
}

@article{McArdle2000,
  title = {Modeling the dynamic hypotheses of Gf-Gc theory using longitudinal life-span data},
  author = {J. J. McArdle and F. Hamagami and W. Meredith and K. P. Bradway},
  year = {2000},
  journal = {Learning and Individual Differences},
  volume = {12},
  pages = {53--79},
  doi = {10.1016/s1041-6080(00)00036-4},
}

@article{Scott2020,
  title = {Accounting for time-varying inter-individual differences in trajectories when assessing cross-lagged models},
  author = {Paul Wesley Scott},
  year = {2020},
  journal = {Structural Equation Modeling: A Multidisciplinary Journal},
  volume = {OnlineFirst},
  doi = {https://doi.org/10.1080/10705511.2020.1819815},
}

@article{Voelkle2008,
  title = {Reconsidering the use of autoregressive latent trajectory (ALT) models},
  author = {Manuel C. Voelkle},
  year = {2008},
  journal = {Multivariate Behavioral Research},
  volume = {43},
  number = {4},
  pages = {564--591},
  doi = {https://doi.org/10.1080/00273170802490665},
}

@article{Moral2019,
  title = {Dynamic panel data modeling using maximum likelihood: An alternative to Arellano-Bond},
  author = {Enrique Moral-Benito and Paul Allison and Richard Williams},
  year = {2019},
  journal = {Applied Economics},
  volume = {51},
  number = {20},
  pages = {2221--2232},
  doi = {https://doi.org/10.1080/00036846.2018.1540854},
}

@article{Kenny1979,
  title = {Cross-Lagged Panel Correlation: Practice and Promise},
  author = {David A. Kenny and Judith M. Harackiewicz},
  year = {1979},
  journal = {Journal of Applied Psychology},
  volume = {64},
  number = {4},
  pages = {372--379},
}

@Book{Urban2004,
  author = {Dieter Urban},
  title = {{Neue Methoden der Längsschnittanalyse: Zur Anwendung von latenten Wachstumskurvenmodellen in Einstellungs- und Sozialisationsforschung [New methods of longitudinal analysis: On the application of latent growth curve models in attitude- and socialization research]}},
  year = {2004},
  publisher = {Lit Verlag},
  address = {Münster},
}

@Article{Granger1969,
  title = {Investigating Causal Relations by Econometric Models and Cross-Spectral Methods},
  author = {Clive Granger},
  journal = {Econometrica},
  year = {1969}, 
  volume = {37},
  number = {3},
  pages = {424--438},
}

@Article{Voelkle2015,
  title = {Relating Latent Change Score and Continuous Time Models},
  author = {Manuel C. Voelkle and Johan H. L. Oud},
  year = {2015},
  journal = {Structural Equation Modeling: A Multidisciplinary Journal},
  volume = {22},
  number = {3},
  pages = {366--381},
}

@Article{Ou2016,
  title = {(Re)evaluating the Implications of the Autoregressive Latent Trajectory Model Through Liklihood Ratio Tests of Its Initial Conditions},
  author = {Lu Ou and Sy-Miin Chow and Linying Ji and Peter C. M. Molenaar},
  year = {2016},
  journal = {Multivariate Behavioral Research},
  volume = {52},
  number = {2},
  pages = {178--199},
  doi = {https://doi.org/10.1080/00273171.2016.1259980},
}

@Article{Ruettenauer2020,
  title = {Fixed Effects Individual Slopes: Accounting and Testing for Heterogeneous Effects in Panel Data or Other Multilevel Models},
  author = {Tobias Rüttenauer and Volker Ludwig},
  year = {2020},
  journal = {Sociological Methods and Research},
  pages = {1--42},
  volume = {OnlineFirst},
  doi = {https://doi.org/10.1177/0049124120926211},
}

@Article{Croissant2008,
  title = {Panel Data Econometrics in {R}: The {plm} Package},
  author = {Yves Croissant and Giovanni Millo},
  journal = {Journal of Statistical Software},
  year = {2008},
  volume = {27},
  number = {2},
  pages = {1--43},
  doi = {10.18637/jss.v027.i02},
}

@article{Williams2018,
  title = {Linear Dynamic Panel-data Estimation Using Maximum Likelihood and Structural Equation Modeling},
  author = {Richard Williams and Paul Allison and Enrique Moral-Benito},
  year = {2018},
  journal = {The Stata Journal},
  volume = {18},
  number = {2},
  pages = {293--326},
  doi = {https://doi.org/10.1177/1536867X1801800201},
}

@book{Pearl2000,
  title = {Causality: Models, Reasoning and Inference},
  author = {Judea Pearl},
  year = {2000},
  publisher = {Cambridge University Press},
  address = {New York},
}

@incollection{Kuehnel2019,
  title = {{Probleme von Cross-Lagged Panelmodellen zur Analyse gegenseitiger Beeinflussung von Einstellung und Verhalten: Das Beispiel des Zusammenhangs von politischem Interesse und politischer Beteiligung mit den Daten des SOEP}},
  author = {Steffen Kühnel and Anja Mays},
  year = {2019},
  booktitle = {{Einstellungen und Verhalten in der Empirischen Sozialforschung: Analytische Konzepte, Anwendungen und Analyseverfahren}},
  editor = {J. Mayerl and T. Krause and A. Wahl and M. Wuketich},
  pages = {359--386},
  publisher = {Springer VS},
  address = {Wiesbaden},
}

@article{Kenny1995, 
  title = {The trait-state-error model for multiwave data},
  author = {David. A. Kenny and Alex Zautra},
  year = {1995},
  journal = {Journal of Consulting and Clinical Psychology},
  volume = {63},
  pages = {52--59},
}

@incollection{Kenny2001,
  title = {Trait-state models for longitudinal data},
  author = {David A. Kenny and Alex Zautra},
  year = {2001},
  booktitle = {New methods for the analysis of change},
  editor = {L. Collins and A. Sayer}, 
  pages = {243--263},
  publisher = {American Psychological Association},
  address = {Washington, DC},
}

@incollection{Hamagami2001, 
  title = {Advanced studies of individual differences: Linear dynamic models for longitudinal data analysis},
  author = {Fumiaki Hamagami and John J. McArdle},
  year = {2001},
  booktitle = {New developments and techniques in structural equation modeling},
  editor = {G. A. Marcoulides and R. E. Schumacker},
  pages = {203--246},
  publisher = {Erlbaum},
  address = {Mahwah, NJ},
}

@article{Usami2015,
  title = {On the mathematical relationship between the latent change score model and autoregressive cross-lagged factor approaches: Cautions for inferring causal relationships between variables},
  author = {Satoshi Usami and Timothy Hayes and John J. McArdle},
  year = {2015},
  journal = {Multivariate Behavioral Research},
  volume = {50},
  pages = {676--687},
}

@article{Meredith1990,
  title = {Latent Curve Analysis},
  author = {William Meredith and John Tisak},
  year = {1990},
  journal = {Psychometrika},
  volume = {55},
  number = {1},
  pages = {107--122},
}

@incollection{Heckman1981,
  title = {Heterogeneity and State Dependence},
  author = {James J. Heckman},
  year = {1981},
  booktitle = {Studies in Labor Markets},
  editor = {Sherwin Rosen},
  publisher = {University of Chicago Press},
  address = {Chicago},
  pages = {91--140},
}

@article{Kenny1979,
  title = {Cross-Lagged Panel Correlation: Practice and Promise},
  author = {David A. Kenny and Judith M. Harackiewicz},
  year = {1979},
  journal = {Journal of Applied Psychology},
  volume = {64},
  number = {4},
  pages = {372--379},
}

@Article{Usami2019,
  title = {A Unified Framework of Longitudinal Models to Examine Reciprocal Relations},
  author = {Satoshi Usami and Kou Murayama and Ellen L. Hamaker},
  year = {2019},
  journal = {Psychological Methods},
  volume = {24},
  number = {5},
  pages = {637--657},
  doi = {http://dx.doi.org/10.1037/met0000210},
}

@Article{Zyphur2019a,
  title = {From Data to Causes I: Building a General Cross-Lagged Panel Model (GCLM)},
  author = {Michael J. Zyphur and Paul D. Allison and Louis Tay and Manuel C. Voelkle and Kristopher J. Preacher and Zhen Zhang and Ellen L. Hamaker and Ali Shamsollahi and Dean C. Pierides and Peter Koval and Ed Diener},
  year = {2019},
  journal = {Organizational Research Methods},
  volume = {23},
  number = {4},
  pages = {651-687},
  doi = {10.1177/1094428119847278},
}

@Article{Zyphur2019b,
  title = {From Data to Causes II: Comparing Approaches to Panel Data Analysis},
  author = {Michael J. Zyphur and Paul D. Allison and Louis Tay and Manuel C. Voelkle and Kristopher J. Preacher and Zhen Zhang and Ellen L. Hamaker and Ali Shamsollahi and Dean C. Pierides and Peter Koval and Ed Diener},
  year = {2019},
  journal = {Organizational Research Methods},
  volume = {23},
  number = {4},
  pages = {688-716},
  doi = {10.1177/1094428119847280},
}

@Manual{Rosseel2020,
  title = {lavaan: Latent Variable Analysis},
  author = {Yves Rosseel and Terrence D. Jorgensen and Daniel Oberski and Jarrett Byrnes and Leonard Vanbrabant and Victoria Savalei and Ed Merkle and Michael Hallquist and Mijke Rhemtulla and Myrsini Katsikatsou and Mariska Barendse and Florian Scharf},
  year = {2020},
  url = {https://CRAN.R-project.org/package=lavaan},
}

@Book{Allison2009,
  title = {Fixed Effects Regression Models},
  author = {Paul D. Allison},
  year = {2009},
  publisher = {Sage Publications},
  address = {Thousand Oaks},
  doi = {https://dx.doi.org/10.4135/9781412993869},
}

@Manual{NLSY97,
  title = {NLSY97 Codebook Supplement Main File Round 8},
  author = {{Center for Human Resource Research}},
  year = {2006},
  organization = {U.S. Department of Labor},
  pubstate = {September 18, 2020},
  url = {https://www.nlsinfo.org/usersvc/NLSY97/NLSY97Rnd8CodebookSupplement/maincstoc.htm},
}

@Book{Skrondal2004,
  title = {Generalized Latent Variable Modeling: Multilevel, Longitudinal and Structural Equation Models},
  author = {Anders Skrondal and Sophia Rabe-Hesketh},
  year = {2004},
  publisher = {Chapman & Hall},
  address = {Boca Raton, London, New York},
}

@Book{Hsiao2014,
  title = {Analysis of Panel Data. Third Edition},
  author = {Cheng Hsiao},
  year = {2014},
  address = {New York},
  publisher = {Cambridge University Press},
  isbn = {978-1-107-03869-1},
}

@Manual{R-base,
  title = {R: A Language and Environment for Statistical Computing},
  author = {{R Core Team}},
  organization = {R Foundation for Statistical Computing},
  address = {Vienna, Austria},
  year = {2020},
  url = {https://www.R-project.org/},
}
@Manual{R-papaja,
  author = {Frederik Aust and Marius Barth},
  title = {{papaja}: {Create} {APA} manuscripts with {R Markdown}},
  year = {2020},
  note = {R package version 0.1.0.9997},
  url = {https://github.com/crsh/papaja},
}

@Misc{Jöreskog2018,
  title = {LISREL 10 for Windows},
  author = {Karl Jöreskog and Dag Sörbom},
  url = {http://www.ssicentral.com/index.php/products/lisrel/lisrel-general},
  address = {Skokie, IL.},
  publisher = {Scientific Software International},
}

@Article{Chi1989,
  title = {Models for Longitudinal Data with Random Effects and AR(1) Errors},
  author = {Eric Chi and Gregory Reinsel},
  year = {1989},
  journal = {Journal of the American Statistical Association},
  volume = {84},
  number = {406},
  pages = {452--459},
}

@Incollection{BollenZimmer2010,
  title = {An Overview of the Autoregressive Latent Trajectory (ALT) Model},
  author = {Kenneth Bollen and Catherine Zimmer},
  booktitle = {Longitudinal Research with Latent Variables},
  editor = {K. van Montfort and J. Oud and A. Satorra},
  publisher = {Springer},
  year = {2010},
  address = {Berlin, Heidelberg},
  pages = {153--176},
  doi = {https://doi.org/10.1007/978-3-642-11760-2_5},
}

@Incollection{Hamaker2009,
  title = {Idiographic data analysis: Quantitative methods --- From simple to advanced},
  author = {Ellen Hamaker and Conor Dolan}, 
  booktitle = {Dynamic Process Methodology in the Social and Developmental Sciences},
  editor = {J. Valsiner and P. Molenaar and M. Lyra and N. Chaudhary}, 
  publisher = {Springer-Verlag},
  year = {2009},
  address = {New York},
  pages = {191--216},
}

@Article{Andersen2019,
  title = {A closer look at fixed-effects regression in structural equation modeling},
  author = {Henrik Andersen},
  year = {2019},
  journal = {SocArXiv},
  doi = {10.31235/osf.io/nfqp4},
  note = {Preprint},
}

@Article{Allison2017,
  title = {Maximum Likelihood for Cross-lagged Panel Models with Fixed Effects},
  author = {Paul Allison and Richard Williams and Enrique Moral-Benito},
  journal = {Socius},
  year = {2017},
  volume = {3},
  pages = {1--17}, 
  doi = {10.1177/2378023117710578},
}

@Article{Curran2014, 
  title = {The Separation of Between-Person and Within-Person Components of Individual Change Over Time: A Latent Growth Curve Model With Structured Residuals},
  author = {Patrick Curran and Andrea Howard and Sierra Bainter and Stephanie Lane and James McGinley},
  journal = {Journal of Consulting and Clinical Psychology},
  year = {2014},
  volume = {82},
  number = {5},
  pages = {879--894},
  doi = {10.1037/a0035297},
}

@Article{Hamaker2015,
  title = {A Critique of the Cross-Lagged Panel Model},
  author = {Ellen Hamaker and Rebecca Kuiper and Raoul Grasman},
  journal = {Psychological Methods},
  year = {2015},
  volume = {20},
  number = {1},
  pages = {102--116},
  doi = {10.1037/a0038889},
}

@Article{Rogosa1980, 
  title = {A Critique of Cross-Lagged Correlation}, 
  author = {David Rogosa},
  journal = {Psychological Bulletin},
  year = {1980},
  volume = {88},
  number = {2},
  pages = {245--258},
}

@Article{Granger1969,
  title = {Investigating Causal Relations by Econometric Models and Cross-Spectral Methods},
  author = {Clive Granger},
  journal = {Econometrica},
  year = {1969}, 
  volume = {37},
  number = {3},
  pages = {424--438},
}

@Article{HannRietdijk2107,
  author = {Silvia de Haan-Rietdijk and Manuel Voelkle and Loes Keijsers and Ellen Hamaker},
  title = {Discrete- vs. Continuous-Time Modeling of Unequally Spaced Experience Sampling Method Data},
  journal = {Frontiers in Psychology},
  volume = {8},
  year = {2017},
  pages = {1 -- 19},
  doi = {10.3389/fpsyg.2017.01849},      
}

@incollection{Bruederl2015,
  title = {Fixed-effects panel regression},
  booktitle = {The Sage Handbook of Regression Analysis and Causal Inference},
  author = {Josef Brüderl and Volker Ludwig},
  editor = {Henning Best and Christof Wolf},
  publisher = {Sage Publications},
  year = {2015},
  address = {London, Thousand Oaks},
  pages = {327--357},
  chapter = {15},
}

@online{Yanai2016,
  author = {Yuki Yanai},
  title = {Analysis of Clustered Data},
  year = {2016},
  url = {http://yukiyanai.github.io/teaching/rm1/contents/R/clustered-data-analysis.html}, 
  urldate = {23.04.2019},
}

@Article{Leszczensky2020,
  title = {{How to deal with reverse causality using panel data? Recommendations for researchers based on a simulation study}},
  author = {Lars Leszczensky and Tobias Wolbring},
  journal = {Sociological Methods and Research},
  year = {2020},
  volume = {forthcoming},
}

@Article{Schloesser2003,
  title = {Altered effective connectivity during working memory performance in schizophrenia: A study with fMRI and structural equation modeling},
  author = {Ralf Schlösser and Thomas Gesierich and Bettina Kaufmann and Goran  Vucurevic and Stefan Hunsche and Joachim Gawehn and Peter Stoeter},
  year = {2003},
  journal = {NeuroImage},
  pages = {751--763},
  volume = {19(3)},
}

@book{Wooldridge2012,
  title = {Introductory Econometrics: A Modern Approach, 5$^{th}$ {E}dition},
  author = {Jeffery Wooldridge},
  year = {2012},
  publisher = {Thomson South-Western},
  address = {Mason, Ohio},
  note = {{ISBN} 1-111-53104-8},
}

@book{Wooldridge2002,
  title = {Econometric analysis of cross sectional and panel data},
  author = {Jeffery Wooldridge}, 
  year = {2002},
  publisher = {The MIT Press},
  address = {Cambridge, Massachusetts},
  note = {{ISBN} 0-262-23219-7},
}

@book{Bollen1989,
  title = {Structural Equations with Latent Variables},
  author = {Kenneth Bollen},
  year = {1989},
  publisher = {Wiley},
  address = {New York, Chichester},
  note = {{ISBN} 0-471-01171-1},
}  

@Article{Bollen2010,
  title = {A General Panel Model with Random and Fixed Effects: A Structural Equations Approach},
  author = {Kenneth Bollen and Jennie Brand},
  journal = {Social Forces},
  year = {2010},
  volume = {89},
  number = {1},
  pages = {1--34},
}

@Article{Liska1985,
  title = {Ties to Conventional Institutions and Delinquency: Estimating Reciprocal Effects},
  author = {Allen Liska and Mark Reed},
  journal = {American Sociological Review},
  year = {1985},
  volume = {50},
  number = {4},
  pages = {547--560},
}

@Article{Owens1994,
  title = {Two Dimensions of Self-Esteem: Reciprocal Effects of Positive Self-Worth and Self-Deprecation on Adolescent Problems},
  author = {Timothy Owens},
  journal = {American Sociological Review},
  year = {1994},
  volume = {59},
  number = {3},
  pages = {391--407},
}

@misc{Hamaker2019,
  title = {Covariance algebra to arrive at biased estimate},
  author = {Ellen Hamaker},
  year = {2019},
  month = {June},
  howpublished = {SEM-LISTSERV, https://listserv.ua.edu/cgi-bin/wa?A0=SEMNET},
  note = {Accessed: 28 June, 2019.},
}

@Article{Curran2003,
  title = {Have Multilevel Models Been Structural Equation Models All Along?},
  author = {Patrick Curran},
  year = {2003},
  journal = {Multivariate Behavioral Research},
  volume = {38},
  number = {4},
  pages = {529--569},
}

@incollection{Curran2001,
  title = {The best of both worlds: Combining autoregressive and latent curve models},
  booktitle = {New methods for the analysis of change},
  author = {Patrick Curran and Kenneth Bollen},
  editor = {L. Collins and A. Sayer},
  year = {2001},
  address = {Washington, DC},
  publisher = {American Psychological Press},
  pages = {107--135},
  doi = { doi:10.1037/10409-004},
}

@Article{Hamaker2005,
  title = {Conditions for the Equivalence of the Autoregressive Latent Trajectory Model and a Latent Growth Curve Model with Autoregressive Disturbances},
  author = {Ellen Hamaker},
  year = {2005},
  journal = {Sociological Methods and Research},
  volume = {33},
  number = {3},
  pages = {404--416},
  doi = {10.1177/0049124104270220},
}

@Article{Bollen2004,
  title = {Autoregressive Latent Trajectory {(ALT)} Models: A Synthesis of Two Traditions},
  author = {Kenneth Bollen and Patrick Curran},
  year = {2004},
  journal = {Sociological Methods and Research},
  volume = {32},
  number = {3},
  pages = {336--383},
  doi = {10.1177/0049124103260222},
}

@unpublished{Graff1979,
  title = {{Verallgemeinertes LISREL-Modell}},
  author = {J. Graff},
  year = {1979},
  school = {Mannheim, Germany},
  note = {Unpublished Manuscript},
}

@Article{Ludwig2018,
  title = {Is There a Male Marital Wage Premium? {N}ew Evidence from the {United States}},
  author = {Volker Ludwig and Josef Brüderl},
  year = {2018},
  journal = {American Sociological Review},
  volume = {83},
  number = {4},
  pages = {744--770},
  doi = {10.1177/0003122418784909},
}

@Article{Oud2002,
  author = {Johan Oud},
  title = {Continuous Time Modeling of the Cross-Lagged Panel Design},
  journal = {Kwantitatieve Methoden},
  year = {2002},
  volume = {69},
  pages = {1--26},
}

@Article{Voelkle2012,
  author = {Manuel Voelkle and Johan Oud and Eldad Davidov and Peter Schmidt},
  title = {An {SEM} Approach to Continuous Time Modeling of Panel Data: Relating Authoritarianism and Anomia},
  journal = {Psychological Methods},
  year = {2012},
  volume = {17},
  number = {2},
  pages = {176--192},
}

@Article{Jongerling2011,
  author = {Joran Jongerling and Ellen Hamaker},
  title = {On the Trajectories of the Predetermined {ALT} Model: What Are We Really Modeling?},
  journal = {Structural Equation Modeling: A Multidisciplinary Journal},
  year = {2011},
  volume = {18},
  number = {3},
  pages = {370--382},
}

@Article{Hayduk2003,
  author = {Leslie Hayduk and Greta Cummings and Rainer Stratkotter and Melanie Nimmo and Kostyantyn Grygoryev and Donna Dosman and Michael Gillespie and Hannah Pazderka-Robinson and Kwame Boadu},
  title = {Pearl's {D-Separation}: One More Step Into Causal Thinking},
  journal = {Structural Equation Modeling},
  year = {2003},
  volume = {10},
  number = {2},
  pages = {289--311},
} 

@Article{Curran2011,
  author = {Patrick Curran and Daniel Bauer},
  title = {The Disaggregation of Within-Person and Between-Person Effects in Longitudinal Models of Change},
  journal = {Annual Review of Psychology},
  year = {2011},
  volume = {62},
  pages = {583--619},
}

@Article{Keijsers2016,
  author = {Loes Keijsers}, 
  title = {Parental monitoring and adolescent problem behaviors: How much do we really know?},
  journal = {International Journal of Behavioral Development},
  year = {2016},
  volume = {40},
  number = {3},
  pages = {271--281},
}

@Article{Berry2017,
  author = {Daniel Berry and Michael Willoughby},
  title = {On the Practical Interpretability of Cross-Lagged Panel Models: Rethinking a Developmental Workhorse},
  journal = {Child Development},
  year = {2017},
  volume = {88},
  number = {4},
  pages = {1186--1206},
}

@Book{Angrist2009,
  author = {Joshua Angrist and Jörn-Steffen Pischke},
  title = {Mostly Harmless Econometrics: An Empiricist's Companion},
  year = {2009},
  publisher = {Princeton University Press},
  address = {New Jersey},
}

@Article{Greenberg1982,
  author = {David Greenberg and Roland Kessler},
  title = {Equilibrium and Identification in Linear Panel Models},
  year = {1982}, 
  journal = {Sociological Methods and Research},
  volume = {10},
  number = {4},
  pages = {435--451},
}

@Article{Harring2016,
  author = {Jeffery Harring and Daniel McNeish and Gregory Hancock},
  title = {Using Phantom Variables in Structural Equation Modeling to Assess Model Sensitivity to External Misspecification},
  year = {2016},
  journal = {Psychological Methods},
  volume = {22},
  number = {4},
  pages = {616--631},
}

@Article{Teachman2001,
  author = {Jay Teachman and Greg Duncan and Jean Yeung and Dan Levy},
  title = {Covariance Structure Models for Fixed and Random Effects},
  year = {2001},
  journal = {Sociological Methods and Research},
  volume = {30},
  number = {2},
  pages = {271--288},
}

@incollection{Teachman2014,
  author = {Jay Teachman},
  title = {Latent Growth Curve Models with Random and Fixed Effects},
  year = {2014},
  booktitle = {Emerging Methods in Family Research},
  publisher = {Springer International Publishing},
  address = {Cham},
  pages = {3--17},
  editor = {Susan M. McHale and Paul Amato and Alan Booth},
}

@Book{Allison2011,
  author = {Paul Allison},
  title = {Fixed Effects Regression Models},
  year = {2011},
  publisher = {Sage Publications},
  address = {Thousand Oaks},
}  

@Article{Allison2003,
  title = {Missing Data Techniques for Structural Equation Modeling},
  author = {Paul Allison},
  journal = {Journal of Abnormal Psychology},
  year = {2003},
  volume = {112(4)},
  number = {4},
  pages = {545--557},
}

@Book{Greene2012,
  author = {William Greene},
  title = {Econometric Analysis, 7$^{th}$ {E}dition, {I}nternational {E}dition},
  year = {2012},
  publisher = {Pearson Education Limited},
  address = {Edinburgh Gate, Essex},
}

@misc{Bruederl2019,
  author = {Josef Brüderl and Sonja Drobnič and Karsten Hank and Bernhard Nauck and Franz J. Neyer and Sabine Walper and Philipp Alt and Christiane Bozoyan and Petra Buhr and Christine Finn and Madison Garrett and Henriette Greischel and Nicolai Gröpler and Kristin Hajek and Michel Herzig and Bernadette Huyer-May and Rüdiger Lenke and Lara Minkus and Bettina Müller and Timo Peter and Claudia Schmiedeberg and Philipp Schütze and Nina Schumann and Carolin Thönnissen and Martin Wetzel and Barbara Wilhelm},
  title = {{The German Family Panel (pairfam)}},
  year = {2019},
  publisher = {{GESIS Data Archive}},
  address = {Cologne},
}

@Article{Huinink2011,
  author = {Johannes Huinink and Josef Brüderl and Bernhard Nauck and Sabine Walper and Laura Castiglioni and Michael Feldhaus},
  title = {Panel Analysis of Intimate Relationships and Family Dynamics (pairfam): Conceptual framework and design},
  year = {2011},
  journal = {{Zeitschrift für Familienforschung}},
  volume = {23},
  pages = {77--101},
}

@Article{Enders2007, 
  author = {Craig Enders and Davood Tofighi},
  title = {Centering predictor variables in cross-sectional multilevel models: A new look at an old issue},
  journal = {Psychological Methods},
  year = {2007},
  volume = {12},
  number = {2},
  pages = {121--138},
}

@Article{Podsakoff2003,
  author = {Philip Podsakoff and Scott MacKenzie and Jeong-Yeon Lee and Nathan Podsakoff},
  title = {Common Method Biases in Behavioral Research: A Critical Review of the Literature and Recommended Remedies},
  year = {2003},
  journal = {Journal of Applied Psychology},
  volume = {88},
  number = {5},
  pages = {879--903},
}

@Book{Kline2016,
  author = {Rex Kline},
  title = {Principles and Practice of Structural Equation Modeling. {F}ourth Edition},
  year = {2016},
  publisher = {The Guilford Press},
  address = {New York},
}

@Book{Urban2004,
  author = {Dieter Urban},
  title = {{Neue Methoden der Längsschnittanalyse: Zur Anwendung von latenten Wachstumskurvenmodellen in Einstellungs- und Sozialisationsforschung [New methods of longitudinal analysis: On the application of latent growth curve models in attitude- and socialization research]}},
  year = {2004},
  publisher = {Lit Verlag},
  address = {Münster},
}

@Incollection{Mayerl2016,
  author = {Jochen Mayerl},
  title = {Environmental Concern in Cross-National Comparison: Methodological Threats and Measurement Equivalence},
  booktitle = {Green European: Environmental Behaviour and Attitudes in Europe in a Historical and Cross-Cultural Comparative Perspective},
  year = {2016},
  publisher = {Routledge},
  address = {New York},
  editor = {A. Telesience and M. Groß},
  pages = {182--204},
}

@Incollection{Schlueter2007,
  author = {Elmar Schlüter and Eldad Davidov and Peter Schmidt},
  title = {Applying Autoregressive Cross-Lagged and Latent Growth Curve Models to a Three-Wave Panel Study},
  year = {2007},
  booktitle = {Longitudinal models in the behavior and related sciences},
  publisher = {Lawrence Erlbaum Publishers},
  address = {Mahwah, New Jersey},
  editor = {K. van Montfort and J. Oud and A. Satorra},
  pages = {315--336},
}

@Book{Urban2014,
  author = {Dieter Urban and Jochen Mayerl},
  title = {{Strukturgleichungsmodellierung: Ein Ratgeber für die Praxis [Structural equation modeling: A practical guidebook]}},
  year = {2014},
  publisher = {Springer VS Verlag},
  address = {Wiesbaden},
}

@article{Arellano1991,
  author = {M. Arellano and S. Bond},
  title = {Some tests of specification for panel data: Monte Carlo evidence and an application to employment equations},
  year = {1991},
  journal = {Review of Economic Studies},
  volume = {58},
  pages = {277--297},
}

@article{Vaisey2014,
  author = {Stephen Vaisey and Andrew Miles},
  title = {What You Can --- and Can't --- Do With Three-Wave Panel Data},
  year = {2014},
  journal = {Sociological Methods and Research},
  volume = {46},
  number = {1},
  pages = {44--67},
}

@book{Hayduk1987,
  author = {Leslie Hayduk},
  title = {Structural Equation Modeling with {LISREL}: Essentials and Advances},
  year = {1987},
  publisher = {Johns Hopkins University Press},
  address = {Baltimore, London},
}

@Manual{Mplus,
  author = {Linda Muthén and Bengt Muthén},
  title = {{Mplus User's Guide. Eighth Edition}},
  year = {1998--2017},
  address = {Los Angeles, California},
  publisher = {Muthén \& Muthén},
}
  
@Manual{Ruettenauer2018,
  title = {{feisr: Estimating fixed effects individual slope models}},
  author = {Tobias Rüttenauer and Volker Ludwig},
  year = {2018},
  url = {https://www.github.com/ruettenauer/feisr},
}

@Article{Ruettenauer2019,
  title = {feisr: An R Package for Estimating Fixed Effects Individual Slope Models},
  author = {Tobias Rüttenauer and Volker Ludwig},
  year = {2019},
  journal = {SocArXiv},
  url = {https://doi.org/10.31235/osf.io/k4rnu},
}

@Manual{Ludwig2019,
  title = {{XTFEIS: Stata module to estimate linear fixed effects models with individual-specific slopes (FEIS). 2$^{nd}$ revised edition}},
  author = {Volker Ludwig},
  year = {2019},
  url = {http://EconPapers.repec.org/RePEc:boc:bocode:s458045},
}

@Manual{R-base,
  title = {R: A Language and Environment for Statistical Computing},
  author = {{R Core Team}},
  organization = {R Foundation for Statistical Computing},
  address = {Vienna, Austria},
  year = {2017},
  url = {https://www.R-project.org/},
}

@Manual{R-papaja,
  author = {Frederik Aust and Marius Barth},
  title = {{papaja}: {Create} {APA} manuscripts with {R Markdown}},
  year = {2018},
  note = {R package version 0.1.0.9842},
  url = {https://github.com/crsh/papaja},
}
@Book{R-AER,
  title = {Applied Econometrics with {R}},
  author = {Christian Kleiber and Achim Zeileis},
  year = {2008},
  publisher = {Springer-Verlag},
  address = {New York},
  note = {{ISBN} 978-0-387-77316-2},
  url = {https://CRAN.R-project.org/package=AER},
}
@Manual{R-arm,
  title = {arm: Data Analysis Using Regression and Multilevel/Hierarchical
Models},
  author = {Andrew Gelman and Yu-Sung Su},
  year = {2016},
  note = {R package version 1.9-3},
  url = {https://CRAN.R-project.org/package=arm},
}
@Book{R-car,
  title = {An {R} Companion to Applied Regression},
  edition = {Second},
  author = {John Fox and Sanford Weisberg},
  year = {2011},
  publisher = {Sage},
  address = {Thousand Oaks {CA}},
  url = {http://socserv.socsci.mcmaster.ca/jfox/Books/Companion},
}
@Manual{R-carData,
  title = {carData: Companion to Applied Regression Data Sets},
  author = {John Fox and Sanford Weisberg and Brad Price},
  year = {2017},
  note = {R package version 3.0-0},
  url = {https://CRAN.R-project.org/package=carData},
}
@Article{R-clusterSEs,
  title = {Practical and Effective Approaches to Dealing with Clustered Data},
  author = {Justin Esarey and Andrew Menger},
  journal = {Political Science Research and Methods},
  year = {2017},
  volume = {forthcoming},
  pages = {1--35},
  url = {http://jee3.web.rice.edu/cluster-paper.pdf},
}
@Manual{R-DiagrammeR,
  title = {DiagrammeR: Graph/Network Visualization},
  author = {Richard Iannone},
  year = {2018},
  note = {R package version 1.0.0},
  url = {https://CRAN.R-project.org/package=DiagrammeR},
}
@Manual{R-dplyr,
  title = {dplyr: A Grammar of Data Manipulation},
  author = {Hadley Wickham and Romain François and Lionel Henry and Kirill Müller},
  year = {2018},
  note = {R package version 0.7.8},
  url = {https://CRAN.R-project.org/package=dplyr},
}
@Article{R-Formula,
  title = {Extended Model Formulas in {R}: Multiple Parts and Multiple Responses},
  author = {Achim Zeileis and Yves Croissant},
  journal = {Journal of Statistical Software},
  year = {2010},
  volume = {34},
  number = {1},
  pages = {1--13},
  doi = {10.18637/jss.v034.i01},
}
@Book{R-ggplot2,
  author = {Hadley Wickham},
  title = {ggplot2: Elegant Graphics for Data Analysis},
  publisher = {Springer-Verlag New York},
  year = {2016},
  isbn = {978-3-319-24277-4},
  url = {http://ggplot2.org},
}
@Manual{R-gridExtra,
  title = {gridExtra: Miscellaneous Functions for "Grid" Graphics},
  author = {Baptiste Auguie},
  year = {2017},
  note = {R package version 2.3},
  url = {https://CRAN.R-project.org/package=gridExtra},
}
@Manual{R-haven,
  title = {haven: Import and Export 'SPSS', 'Stata' and 'SAS' Files},
  author = {Hadley Wickham and Evan Miller},
  year = {2018},
  note = {R package version 1.1.1},
  url = {https://CRAN.R-project.org/package=haven},
}
@Article{R-lavaan,
  title = {{lavaan}: An {R} Package for Structural Equation Modeling},
  author = {Yves Rosseel},
  journal = {Journal of Statistical Software},
  year = {2012},
  volume = {48},
  number = {2},
  pages = {1--36},
  url = {http://www.jstatsoft.org/v48/i02/},
}
@Article{R-lme4,
  title = {Fitting Linear Mixed-Effects Models Using {lme4}},
  author = {Douglas Bates and Martin M{\"a}chler and Ben Bolker and Steve Walker},
  journal = {Journal of Statistical Software},
  year = {2015},
  volume = {67},
  number = {1},
  pages = {1--48},
  doi = {10.18637/jss.v067.i01},
}
@Article{R-lmtest,
  title = {Diagnostic Checking in Regression Relationships},
  author = {Achim Zeileis and Torsten Hothorn},
  journal = {R News},
  year = {2002},
  volume = {2},
  number = {3},
  pages = {7--10},
  url = {https://CRAN.R-project.org/doc/Rnews/},
}
@Book{R-MASS,
  title = {Modern Applied Statistics with S},
  author = {W. N. Venables and B. D. Ripley},
  publisher = {Springer},
  edition = {Fourth},
  address = {New York},
  year = {2002},
  note = {ISBN 0-387-95457-0},
  url = {http://www.stats.ox.ac.uk/pub/MASS4},
}
@Manual{R-Matrix,
  title = {Matrix: Sparse and Dense Matrix Classes and Methods},
  author = {Douglas Bates and Martin Maechler},
  year = {2017},
  note = {R package version 1.2-12},
  url = {https://CRAN.R-project.org/package=Matrix},
}
@Manual{R-multiwayvcov,
  title = {multiwayvcov: Multi-Way Standard Error Clustering},
  author = {Nathaniel Graham and Mahmood Arai and Björn Hagströmer},
  year = {2016},
  note = {R package version 1.2.3},
  url = {https://CRAN.R-project.org/package=multiwayvcov},
}
@Book{R-mvtnorm,
  title = {Computation of Multivariate Normal and t Probabilities},
  author = {Alan Genz and Frank Bretz},
  series = {Lecture Notes in Statistics},
  year = {2009},
  publisher = {Springer-Verlag},
  address = {Heidelberg},
  isbn = {978-3-642-01688-2},
}
@Article{R-plm_a,
  title = {Panel Data Econometrics in {R}: The {plm} Package},
  author = {Yves Croissant and Giovanni Millo},
  journal = {Journal of Statistical Software},
  year = {2008},
  volume = {27},
  number = {2},
  pages = {1--43},
  doi = {10.18637/jss.v027.i02},
}
@Article{R-plm_b,
  title = {Robust Standard Error Estimators for Panel Models: A Unifying Approach},
  author = {Giovanni Millo},
  journal = {Journal of Statistical Software},
  year = {2017},
  volume = {82},
  number = {3},
  pages = {1--27},
  doi = {10.18637/jss.v082.i03},
}
@Manual{R-psych,
  title = {psych: Procedures for Psychological, Psychometric, and Personality Research},
  author = {William Revelle},
  organization = { Northwestern University},
  address = { Evanston, Illinois},
  year = {2017},
  note = {R package version 1.7.8},
  url = {https://CRAN.R-project.org/package=psych},
}
@Article{R-reshape2,
  title = {Reshaping Data with the {reshape} Package},
  author = {Hadley Wickham},
  journal = {Journal of Statistical Software},
  year = {2007},
  volume = {21},
  number = {12},
  pages = {1--20},
  url = {http://www.jstatsoft.org/v21/i12/},
}
@Article{R-sandwich_a,
  title = {Econometric Computing with HC and HAC Covariance Matrix Estimators},
  author = {Achim Zeileis},
  journal = {Journal of Statistical Software},
  year = {2004},
  volume = {11},
  number = {10},
  pages = {1--17},
  url = {http://www.jstatsoft.org/v11/i10/},
}
@Article{R-sandwich_b,
  title = {Object-Oriented Computation of Sandwich Estimators},
  author = {Achim Zeileis},
  journal = {Journal of Statistical Software},
  year = {2006},
  volume = {16},
  number = {9},
  pages = {1--16},
  url = {http://www.jstatsoft.org/v16/i09/.},
}
@Book{R-survival-book,
  title = {Modeling Survival Data: Extending the {C}ox Model},
  author = {{Terry M. Therneau} and {Patricia M. Grambsch}},
  year = {2000},
  publisher = {Springer},
  address = {New York},
  isbn = {0-387-98784-3},
}
@Article{R-zoo,
  title = {zoo: S3 Infrastructure for Regular and Irregular Time Series},
  author = {Achim Zeileis and Gabor Grothendieck},
  journal = {Journal of Statistical Software},
  year = {2005},
  volume = {14},
  number = {6},
  pages = {1--27},
  doi = {10.18637/jss.v014.i06},
}
@Manual{R-bindrcpp,
  title = {bindrcpp: An 'Rcpp' Interface to Active Bindings},
  author = {Kirill Müller},
  year = {2018},
  note = {R package version 0.2.2},
  url = {https://CRAN.R-project.org/package=bindrcpp},
}

@Manual{R-MonteCarlo,
  title = {MonteCarlo: Automatic Parallelized Monte Carlo Simulations},
  author = {Christian Hendrik Leschinski},
  year = {2019},
  note = {R package version 1.0.6},
  url = {https://cran.r-project.org/web/packages/MonteCarlo/index.html},
}
@Manual{R-foreign,
  title = {foreign: Read Data Stored by 'Minitab', 'S', 'SAS', 'SPSS', 'Stata',
'Systat', 'Weka', 'dBase', ...},
  author = {{R Core Team}},
  year = {2020},
  note = {R package version 0.8-80},
  url = {https://CRAN.R-project.org/package=foreign},
}
@Manual{R-semPlot,
  title = {semPlot: Path Diagrams and Visual Analysis of Various SEM Packages'
Output},
  author = {Sacha Epskamp},
  year = {2019},
  note = {R package version 1.1.2},
  url = {https://CRAN.R-project.org/package=semPlot},
}
